<record><leader>00000cas a22000007a 4500</leader><controlfield tag="001">31959971</controlfield><controlfield tag="008">950209d19601982okuwr n       0    0eng d</controlfield><datafield ind1=" " ind2=" " tag="010"><subfield code="a">sn 95076011 </subfield></datafield><datafield ind1=" " ind2=" " tag="040"><subfield code="a">OBN</subfield><subfield code="b">eng</subfield><subfield code="c">OBN</subfield><subfield code="d">OCL</subfield><subfield code="d">OCLCQ</subfield><subfield code="d">OCLCF</subfield><subfield code="d">OCLCO</subfield></datafield><datafield ind1="1" ind2=" " tag="029"><subfield code="a">AU@</subfield><subfield code="b">000011579773</subfield></datafield><datafield ind1=" " ind2=" " tag="042"><subfield code="a">msc</subfield></datafield><datafield ind1=" " ind2=" " tag="043"><subfield code="a">n-us-ok</subfield></datafield><datafield ind1="0" ind2="0" tag="245"><subfield code="a">Moore monitor.</subfield></datafield><datafield ind1="1" ind2="7" tag="246"><subfield code="a">Monitor</subfield></datafield><datafield ind1=" " ind2=" " tag="260"><subfield code="a">Moore, Okla. :</subfield><subfield code="b">Moore Pub. Co.</subfield></datafield><datafield ind1=" " ind2=" " tag="300"><subfield code="a">v.</subfield></datafield><datafield ind1=" " ind2=" " tag="310"><subfield code="a">Weekly</subfield></datafield><datafield ind1="0" ind2=" " tag="362"><subfield code="a">Vol. 23, no. 26 (Oct. 7, 1960)-v.47, no. 34 (Feb. 25, 1982).</subfield></datafield><datafield ind1=" " ind2="0" tag="651"><subfield code="a">Moore (Okla.)</subfield><subfield code="v">Newspapers.</subfield></datafield><datafield ind1=" " ind2="0" tag="651"><subfield code="a">Cleveland County (Okla.)</subfield><subfield code="v">Newspapers.</subfield></datafield><datafield ind1=" " ind2="7" tag="655"><subfield code="a">Newspapers.</subfield><subfield code="2">fast</subfield><subfield code="0">(OCoLC)fst01423814</subfield></datafield><datafield ind1=" " ind2="7" tag="651"><subfield code="a">Oklahoma</subfield><subfield code="z">Cleveland County.</subfield><subfield code="2">fast</subfield><subfield code="0">(OCoLC)fst01223119</subfield></datafield><datafield ind1=" " ind2="7" tag="651"><subfield code="a">Oklahoma</subfield><subfield code="z">Moore.</subfield><subfield code="2">fast</subfield><subfield code="0">(OCoLC)fst01221564</subfield></datafield><datafield ind1=" " ind2=" " tag="752"><subfield code="a">United States</subfield><subfield code="b">Oklahoma</subfield><subfield code="c">Cleveland</subfield><subfield code="d">Moore.</subfield></datafield><datafield ind1="0" ind2="0" tag="780"><subfield code="t">Moore messenger (Moore, Okla. : 1935)</subfield><subfield code="w">(DLC)sn 95076010</subfield><subfield code="w">(OCoLC)31959710</subfield></datafield><datafield ind1="0" ind2="0" tag="785"><subfield code="t">New monitor</subfield><subfield code="w">(DLC)sn 95076012</subfield><subfield code="w">(OCoLC)31960117</subfield></datafield></record>